@Book{Sommervile10,
	title = {{Software engineering}},
	author = {Sommervile, Ian},
	year = {2010},
	publisher = {Addison-Wesley}
}

@Article{journals/cacm/Davis88,
	volume = {31},
	journal = {Commun. ACM},
	title = {{A Comparison of Techniques for the Specification of external System behaviour}},
	pages = {1098-1115},
	year = {1988},
	author = {Davis, Alan M.}
}

@Book{Alur_Dill_1990,
	title = {{Automata for modeling real-time systems}},
	publisher = {Springer},
	year = {1990},
	editor = {Paterson, MIchaelEditor},
	volume = {443},
	author = {Alur, D and Dill, D}
}



@Book{Szmuc,
	author = {Szmuc, T and Szpyrka, M},
	title = {{Metody formalne w inżynierii opragramowania systemów czasu rzeczywistego}},
	year = {2010},
	publisher = {Wydawnictwo Naukowo-Techniczne}
}
